<?xml version="1.0" encoding="UTF-8"?><collection xmlns="http://www.loc.gov/MARC21/slim"><record><leader>00572nam--2200193-u-4500</leader><controlfield tag="001">000054475</controlfield><controlfield tag="002">20161230</controlfield><controlfield tag="005">20161230201051</controlfield><controlfield tag="008">120109s1000------------r-----000-0-rum-d</controlfield><datafield ind1=" " ind2=" " tag="040"><subfield code="a">IFIN-HH</subfield></datafield><datafield ind1=" " ind2=" " tag="041"><subfield code="a">rum</subfield></datafield><datafield ind1=" " ind2=" " tag="080"><subfield code="a">539.12.01(043)</subfield></datafield><datafield ind1="1" ind2=" " tag="100"><subfield code="a">Pentia, Mircea</subfield></datafield><datafield ind1="1" ind2="0" tag="245"><subfield code="a">Studiul efectului cumulativ in procesul de producere de mezoni si sisteme nucleonice</subfield><subfield code="b">Teza</subfield><subfield code="c">Mircea pentia</subfield></datafield><datafield ind1=" " ind2=" " tag="260"><subfield code="a">Bucuresti</subfield><subfield code="b">Ifa</subfield><subfield code="c">1984</subfield></datafield><datafield ind1=" " ind2=" " tag="300"><subfield code="a">/PAG.DIF.</subfield></datafield><datafield ind1=" " ind2=" " tag="502"><subfield code="a">Conductor Stiintific Prof.Dr. Nicolae Martalogu</subfield></datafield><datafield ind1=" " ind2=" " tag="852"><subfield code="a">71684</subfield><subfield code="c">539.12</subfield></datafield><datafield ind1=" " ind2=" " tag="CAT"><subfield code="a">Sys</subfield><subfield code="c">20120109</subfield><subfield code="h">164129</subfield></datafield></record></collection>